01REMESSA01COBRANCA       00000000000000027846BIKON TECNOLOGIA DA INFORMACAO133CRESOL         101024          0000032                                                                                                                                                                                                                                                                                     000001
1                   00090100800278467000000008268                20200000000008268          2            2  0133601     2410240000000523093        02 101024    00000000017430000000000000000000000000000000000000000000000221975647000109UNUS HOLDING LTDA                       RUA SIQUEIRA CAMPOS 1281 CENTRO CASCAVEL            85812220                                                            000002
9                                                                                                                                                                                                                                                                                                                                                                                                         000003
